@misc{pixeldungeon,
author="{watabou}",
title="{Pixel Dungeon}",
howpublished={\url{https://watabou.itch.io/pixel-dungeon}},
year={2018}
}

@misc{darkestdungeon,
author="{watabou}",
title="{Darkest Dungeon}",
howpublished={\url{https://watabou.itch.io/pixel-dungeon}},
year={2018}
}

@misc{java,
author={Oracle},
title="{Java}",
howpublished={\url{https://docs.oracle.com/en/java/}},
year={2021}
}

@misc{javaswing,
author={Sonoo Jaiswal},
title="{Java Swing Docume}",
howpublished={\url{https://docs.oracle.com/javase/7/docs/api/javax/swing/package-summary.html}},
year={2021}
}